@misc{WinNT,
  title = {NASA global temperature},
  howpublished = {\url{https://climate.nasa.gov/vital-signs/global-temperature/}},
  note = {Accessed: 23/11/2020}
}